<record><leader>00000cas a22000007a 4500</leader><controlfield tag="001">11663573</controlfield><controlfield tag="008">850206d18861914ohudn ne      0    0eng d</controlfield><datafield ind1=" " ind2=" " tag="010"><subfield code="a">sn 85038054 </subfield></datafield><datafield ind1=" " ind2=" " tag="040"><subfield code="a">NPY</subfield><subfield code="b">eng</subfield><subfield code="c">NPY</subfield><subfield code="d">ONP</subfield><subfield code="d">OCLCQ</subfield></datafield><datafield ind1=" " ind2=" " tag="042"><subfield code="a">msc</subfield></datafield><datafield ind1="0" ind2="4" tag="245"><subfield code="a">The Portsmouth daily blade.</subfield></datafield><datafield ind1="3" ind2="0" tag="246"><subfield code="a">New Portsmouth daily blade</subfield></datafield><datafield ind1="3" ind2="0" tag="246"><subfield code="a">Daily blade</subfield></datafield><datafield ind1=" " ind2=" " tag="260"><subfield code="a">Portsmouth, Ohio :</subfield><subfield code="b">[J.E. Valjean],</subfield><subfield code="c">1886-</subfield></datafield><datafield ind1=" " ind2=" " tag="300"><subfield code="a">v. :</subfield><subfield code="b">ill. ;</subfield><subfield code="c">60 cm.</subfield></datafield><datafield ind1=" " ind2=" " tag="310"><subfield code="a">Daily (except Sun.)</subfield></datafield><datafield ind1="0" ind2=" " tag="362"><subfield code="a">Vol. 1, no. 1 (Nov. 15, 1886)-</subfield></datafield><datafield ind1="1" ind2=" " tag="362"><subfield code="a">Ceased with Mar. 31, 1914 issue.</subfield><subfield code="z">Cf. Gutgesell, S. Guide to Ohio newspapers, 1974.</subfield></datafield><datafield ind1=" " ind2=" " tag="500"><subfield code="a">"Republican." Cf. Gutgesell, S. Guide to Ohio newspapers, 1974.</subfield></datafield><datafield ind1=" " ind2=" " tag="500"><subfield code="a">Editor: J.E. Valjean, &lt;1886-1896&gt;.</subfield></datafield><datafield ind1=" " ind2=" " tag="500"><subfield code="a">Sometimes published as: Daily blade, 1906-1911.</subfield></datafield><datafield ind1=" " ind2=" " tag="500"><subfield code="a">Published as: New Portsmouth daily blade, May-Oct. 1911.</subfield></datafield><datafield ind1=" " ind2=" " tag="580"><subfield code="a">Weekly (later semi-weekly) ed.: Portsmouth blade.</subfield></datafield><datafield ind1="1" ind2=" " tag="700"><subfield code="a">Valjean, J. E.</subfield></datafield><datafield ind1=" " ind2=" " tag="752"><subfield code="a">United States</subfield><subfield code="b">Ohio</subfield><subfield code="c">Scioto</subfield><subfield code="d">Portsmouth.</subfield></datafield><datafield ind1="1" ind2=" " tag="775"><subfield code="t">Portsmouth blade</subfield><subfield code="w">(DLC)sn 87075091</subfield></datafield><datafield ind1="1" ind2=" " tag="029"><subfield code="a">AU@</subfield><subfield code="b">000025789312</subfield></datafield></record>